%YAML 1.1
%TAG !u! tag:unity3d.com,2011:
--- !u!1001 &267970317685376037
PrefabInstance:
  m_ObjectHideFlags: 0
  serializedVersion: 2
  m_Modification:
    m_TransformParent: {fileID: 0}
    m_Modifications:
    - target: {fileID: 2100206857787159825, guid: c7ef4a464ed270f4281105aa8234961c, type: 3}
      propertyPath: m_IsActive
      value: 1
      objectReference: {fileID: 0}
    - target: {fileID: 3221554144422986621, guid: c7ef4a464ed270f4281105aa8234961c, type: 3}
      propertyPath: m_IsActive
      value: 1
      objectReference: {fileID: 0}
    - target: {fileID: 3623818822772089985, guid: c7ef4a464ed270f4281105aa8234961c, type: 3}
      propertyPath: model
      value: 
      objectReference: {fileID: 0}
    - target: {fileID: 3623818822772089985, guid: c7ef4a464ed270f4281105aa8234961c, type: 3}
      propertyPath: restChance
      value: 1
      objectReference: {fileID: 0}
    - target: {fileID: 3623818822772089985, guid: c7ef4a464ed270f4281105aa8234961c, type: 3}
      propertyPath: attackRange
      value: 20
      objectReference: {fileID: 0}
    - target: {fileID: 3623818822772089985, guid: c7ef4a464ed270f4281105aa8234961c, type: 3}
      propertyPath: blockChance
      value: 0
      objectReference: {fileID: 0}
    - target: {fileID: 3623818822772089985, guid: c7ef4a464ed270f4281105aa8234961c, type: 3}
      propertyPath: dodgeChance
      value: 0
      objectReference: {fileID: 0}
    - target: {fileID: 3623818822772089990, guid: c7ef4a464ed270f4281105aa8234961c, type: 3}
      propertyPath: m_Name
      value: Orc Wizard
      objectReference: {fileID: 0}
    - target: {fileID: 3623818822772089993, guid: c7ef4a464ed270f4281105aa8234961c, type: 3}
      propertyPath: m_RootOrder
      value: 0
      objectReference: {fileID: 0}
    - target: {fileID: 3623818822772089993, guid: c7ef4a464ed270f4281105aa8234961c, type: 3}
      propertyPath: m_LocalPosition.x
      value: 0
      objectReference: {fileID: 0}
    - target: {fileID: 3623818822772089993, guid: c7ef4a464ed270f4281105aa8234961c, type: 3}
      propertyPath: m_LocalPosition.y
      value: 0
      objectReference: {fileID: 0}
    - target: {fileID: 3623818822772089993, guid: c7ef4a464ed270f4281105aa8234961c, type: 3}
      propertyPath: m_LocalPosition.z
      value: 0
      objectReference: {fileID: 0}
    - target: {fileID: 3623818822772089993, guid: c7ef4a464ed270f4281105aa8234961c, type: 3}
      propertyPath: m_LocalRotation.w
      value: 0
      objectReference: {fileID: 0}
    - target: {fileID: 3623818822772089993, guid: c7ef4a464ed270f4281105aa8234961c, type: 3}
      propertyPath: m_LocalRotation.x
      value: 0
      objectReference: {fileID: 0}
    - target: {fileID: 3623818822772089993, guid: c7ef4a464ed270f4281105aa8234961c, type: 3}
      propertyPath: m_LocalRotation.y
      value: 1
      objectReference: {fileID: 0}
    - target: {fileID: 3623818822772089993, guid: c7ef4a464ed270f4281105aa8234961c, type: 3}
      propertyPath: m_LocalRotation.z
      value: 0
      objectReference: {fileID: 0}
    - target: {fileID: 3623818822772089993, guid: c7ef4a464ed270f4281105aa8234961c, type: 3}
      propertyPath: m_LocalEulerAnglesHint.x
      value: 0
      objectReference: {fileID: 0}
    - target: {fileID: 3623818822772089993, guid: c7ef4a464ed270f4281105aa8234961c, type: 3}
      propertyPath: m_LocalEulerAnglesHint.y
      value: 180
      objectReference: {fileID: 0}
    - target: {fileID: 3623818822772089993, guid: c7ef4a464ed270f4281105aa8234961c, type: 3}
      propertyPath: m_LocalEulerAnglesHint.z
      value: 0
      objectReference: {fileID: 0}
    - target: {fileID: 3623818822772089995, guid: c7ef4a464ed270f4281105aa8234961c, type: 3}
      propertyPath: health
      value: 800
      objectReference: {fileID: 0}
    - target: {fileID: 3623818822772089995, guid: c7ef4a464ed270f4281105aa8234961c, type: 3}
      propertyPath: maxHealth
      value: 800
      objectReference: {fileID: 0}
    - target: {fileID: 3623818822772089995, guid: c7ef4a464ed270f4281105aa8234961c, type: 3}
      propertyPath: healthSlider
      value: 
      objectReference: {fileID: 1531566510349638997}
    - target: {fileID: 3623818822772089997, guid: c7ef4a464ed270f4281105aa8234961c, type: 3}
      propertyPath: m_Height
      value: 3.5961366
      objectReference: {fileID: 0}
    - target: {fileID: 3623818822772089997, guid: c7ef4a464ed270f4281105aa8234961c, type: 3}
      propertyPath: m_Radius
      value: 0.6
      objectReference: {fileID: 0}
    - target: {fileID: 3623818822772089997, guid: c7ef4a464ed270f4281105aa8234961c, type: 3}
      propertyPath: m_Center.x
      value: -0
      objectReference: {fileID: 0}
    - target: {fileID: 3623818822772089997, guid: c7ef4a464ed270f4281105aa8234961c, type: 3}
      propertyPath: m_Center.y
      value: 1.7480683
      objectReference: {fileID: 0}
    - target: {fileID: 3623818822772089997, guid: c7ef4a464ed270f4281105aa8234961c, type: 3}
      propertyPath: m_Center.z
      value: -0
      objectReference: {fileID: 0}
    - target: {fileID: 3623818822772089998, guid: c7ef4a464ed270f4281105aa8234961c, type: 3}
      propertyPath: leftHand
      value: 
      objectReference: {fileID: 1992050976556484984}
    - target: {fileID: 3623818822772089998, guid: c7ef4a464ed270f4281105aa8234961c, type: 3}
      propertyPath: rightHand
      value: 
      objectReference: {fileID: 877076988004829922}
    - target: {fileID: 3623818822772089998, guid: c7ef4a464ed270f4281105aa8234961c, type: 3}
      propertyPath: currentWeapon
      value: 
      objectReference: {fileID: 0}
    - target: {fileID: 3623818822772089998, guid: c7ef4a464ed270f4281105aa8234961c, type: 3}
      propertyPath: currentBlocker
      value: 
      objectReference: {fileID: 0}
    - target: {fileID: 3623818822772089998, guid: c7ef4a464ed270f4281105aa8234961c, type: 3}
      propertyPath: weaponCombinations.Array.data[0]
      value: 
      objectReference: {fileID: 11400000, guid: 1c2dff2ecb9ad9c488a6a66bc909815e, type: 2}
    - target: {fileID: 3623818822772089999, guid: c7ef4a464ed270f4281105aa8234961c, type: 3}
      propertyPath: toughness
      value: 200
      objectReference: {fileID: 0}
    - target: {fileID: 3623818822772089999, guid: c7ef4a464ed270f4281105aa8234961c, type: 3}
      propertyPath: recoverRate
      value: 20
      objectReference: {fileID: 0}
    - target: {fileID: 7271869975769791355, guid: c7ef4a464ed270f4281105aa8234961c, type: 3}
      propertyPath: m_IsActive
      value: 1
      objectReference: {fileID: 0}
    m_RemovedComponents: []
  m_SourcePrefab: {fileID: 100100000, guid: c7ef4a464ed270f4281105aa8234961c, type: 3}
--- !u!4 &3599046329605038252 stripped
Transform:
  m_CorrespondingSourceObject: {fileID: 3623818822772089993, guid: c7ef4a464ed270f4281105aa8234961c, type: 3}
  m_PrefabInstance: {fileID: 267970317685376037}
  m_PrefabAsset: {fileID: 0}
--- !u!1001 &7096755282402339159
PrefabInstance:
  m_ObjectHideFlags: 0
  serializedVersion: 2
  m_Modification:
    m_TransformParent: {fileID: 3599046329605038252}
    m_Modifications:
    - target: {fileID: 4962654850892985439, guid: b2e92ddf993556b4493cc0e47d572c84, type: 3}
      propertyPath: m_Name
      value: HealthBarCanvas
      objectReference: {fileID: 0}
    - target: {fileID: 8592176445310219389, guid: b2e92ddf993556b4493cc0e47d572c84, type: 3}
      propertyPath: m_LocalScale.x
      value: 0.01
      objectReference: {fileID: 0}
    - target: {fileID: 8592176445310219389, guid: b2e92ddf993556b4493cc0e47d572c84, type: 3}
      propertyPath: m_AnchoredPosition.y
      value: -0.195
      objectReference: {fileID: 0}
    - target: {fileID: 8592176445811700268, guid: b2e92ddf993556b4493cc0e47d572c84, type: 3}
      propertyPath: m_Color.b
      value: 0.6698113
      objectReference: {fileID: 0}
    - target: {fileID: 8592176445811700268, guid: b2e92ddf993556b4493cc0e47d572c84, type: 3}
      propertyPath: m_Color.g
      value: 0.08530616
      objectReference: {fileID: 0}
    - target: {fileID: 8592176445811700268, guid: b2e92ddf993556b4493cc0e47d572c84, type: 3}
      propertyPath: m_Color.r
      value: 0.48925522
      objectReference: {fileID: 0}
    - target: {fileID: 8592176445811700271, guid: b2e92ddf993556b4493cc0e47d572c84, type: 3}
      propertyPath: m_AnchorMax.x
      value: 0
      objectReference: {fileID: 0}
    - target: {fileID: 8592176445811700271, guid: b2e92ddf993556b4493cc0e47d572c84, type: 3}
      propertyPath: m_AnchorMax.y
      value: 0
      objectReference: {fileID: 0}
    - target: {fileID: 9093761459347233908, guid: b2e92ddf993556b4493cc0e47d572c84, type: 3}
      propertyPath: m_Pivot.x
      value: 0.5
      objectReference: {fileID: 0}
    - target: {fileID: 9093761459347233908, guid: b2e92ddf993556b4493cc0e47d572c84, type: 3}
      propertyPath: m_Pivot.y
      value: 0.5
      objectReference: {fileID: 0}
    - target: {fileID: 9093761459347233908, guid: b2e92ddf993556b4493cc0e47d572c84, type: 3}
      propertyPath: m_RootOrder
      value: 2
      objectReference: {fileID: 0}
    - target: {fileID: 9093761459347233908, guid: b2e92ddf993556b4493cc0e47d572c84, type: 3}
      propertyPath: m_AnchorMax.x
      value: 0
      objectReference: {fileID: 0}
    - target: {fileID: 9093761459347233908, guid: b2e92ddf993556b4493cc0e47d572c84, type: 3}
      propertyPath: m_AnchorMax.y
      value: 0
      objectReference: {fileID: 0}
    - target: {fileID: 9093761459347233908, guid: b2e92ddf993556b4493cc0e47d572c84, type: 3}
      propertyPath: m_AnchorMin.x
      value: 0
      objectReference: {fileID: 0}
    - target: {fileID: 9093761459347233908, guid: b2e92ddf993556b4493cc0e47d572c84, type: 3}
      propertyPath: m_AnchorMin.y
      value: 0
      objectReference: {fileID: 0}
    - target: {fileID: 9093761459347233908, guid: b2e92ddf993556b4493cc0e47d572c84, type: 3}
      propertyPath: m_SizeDelta.x
      value: 1
      objectReference: {fileID: 0}
    - target: {fileID: 9093761459347233908, guid: b2e92ddf993556b4493cc0e47d572c84, type: 3}
      propertyPath: m_SizeDelta.y
      value: 1
      objectReference: {fileID: 0}
    - target: {fileID: 9093761459347233908, guid: b2e92ddf993556b4493cc0e47d572c84, type: 3}
      propertyPath: m_LocalPosition.x
      value: 0
      objectReference: {fileID: 0}
    - target: {fileID: 9093761459347233908, guid: b2e92ddf993556b4493cc0e47d572c84, type: 3}
      propertyPath: m_LocalPosition.y
      value: 0
      objectReference: {fileID: 0}
    - target: {fileID: 9093761459347233908, guid: b2e92ddf993556b4493cc0e47d572c84, type: 3}
      propertyPath: m_LocalPosition.z
      value: 0
      objectReference: {fileID: 0}
    - target: {fileID: 9093761459347233908, guid: b2e92ddf993556b4493cc0e47d572c84, type: 3}
      propertyPath: m_LocalRotation.w
      value: 0
      objectReference: {fileID: 0}
    - target: {fileID: 9093761459347233908, guid: b2e92ddf993556b4493cc0e47d572c84, type: 3}
      propertyPath: m_LocalRotation.x
      value: -0
      objectReference: {fileID: 0}
    - target: {fileID: 9093761459347233908, guid: b2e92ddf993556b4493cc0e47d572c84, type: 3}
      propertyPath: m_LocalRotation.y
      value: -1
      objectReference: {fileID: 0}
    - target: {fileID: 9093761459347233908, guid: b2e92ddf993556b4493cc0e47d572c84, type: 3}
      propertyPath: m_LocalRotation.z
      value: -0
      objectReference: {fileID: 0}
    - target: {fileID: 9093761459347233908, guid: b2e92ddf993556b4493cc0e47d572c84, type: 3}
      propertyPath: m_AnchoredPosition.x
      value: 0
      objectReference: {fileID: 0}
    - target: {fileID: 9093761459347233908, guid: b2e92ddf993556b4493cc0e47d572c84, type: 3}
      propertyPath: m_AnchoredPosition.y
      value: 4.047
      objectReference: {fileID: 0}
    - target: {fileID: 9093761459347233908, guid: b2e92ddf993556b4493cc0e47d572c84, type: 3}
      propertyPath: m_LocalEulerAnglesHint.x
      value: 0
      objectReference: {fileID: 0}
    - target: {fileID: 9093761459347233908, guid: b2e92ddf993556b4493cc0e47d572c84, type: 3}
      propertyPath: m_LocalEulerAnglesHint.y
      value: 0
      objectReference: {fileID: 0}
    - target: {fileID: 9093761459347233908, guid: b2e92ddf993556b4493cc0e47d572c84, type: 3}
      propertyPath: m_LocalEulerAnglesHint.z
      value: 0
      objectReference: {fileID: 0}
    m_RemovedComponents: []
  m_SourcePrefab: {fileID: 100100000, guid: b2e92ddf993556b4493cc0e47d572c84, type: 3}
--- !u!114 &1531566510349638997 stripped
MonoBehaviour:
  m_CorrespondingSourceObject: {fileID: 8592176445310219266, guid: b2e92ddf993556b4493cc0e47d572c84, type: 3}
  m_PrefabInstance: {fileID: 7096755282402339159}
  m_PrefabAsset: {fileID: 0}
  m_GameObject: {fileID: 0}
  m_Enabled: 1
  m_EditorHideFlags: 0
  m_Script: {fileID: 11500000, guid: 67db9e8f0e2ae9c40bc1e2b64352a6b4, type: 3}
  m_Name: 
  m_EditorClassIdentifier: 
--- !u!1001 &7674392193985504399
PrefabInstance:
  m_ObjectHideFlags: 0
  serializedVersion: 2
  m_Modification:
    m_TransformParent: {fileID: 3599046329605038252}
    m_Modifications:
    - target: {fileID: -8679921383154817045, guid: 0d2bef1f38e45144396cb0a604976005, type: 3}
      propertyPath: m_RootOrder
      value: 1
      objectReference: {fileID: 0}
    - target: {fileID: -8679921383154817045, guid: 0d2bef1f38e45144396cb0a604976005, type: 3}
      propertyPath: m_LocalScale.x
      value: 1.8
      objectReference: {fileID: 0}
    - target: {fileID: -8679921383154817045, guid: 0d2bef1f38e45144396cb0a604976005, type: 3}
      propertyPath: m_LocalScale.y
      value: 1.8
      objectReference: {fileID: 0}
    - target: {fileID: -8679921383154817045, guid: 0d2bef1f38e45144396cb0a604976005, type: 3}
      propertyPath: m_LocalScale.z
      value: 1.8
      objectReference: {fileID: 0}
    - target: {fileID: -8679921383154817045, guid: 0d2bef1f38e45144396cb0a604976005, type: 3}
      propertyPath: m_LocalPosition.x
      value: 0
      objectReference: {fileID: 0}
    - target: {fileID: -8679921383154817045, guid: 0d2bef1f38e45144396cb0a604976005, type: 3}
      propertyPath: m_LocalPosition.y
      value: 0
      objectReference: {fileID: 0}
    - target: {fileID: -8679921383154817045, guid: 0d2bef1f38e45144396cb0a604976005, type: 3}
      propertyPath: m_LocalPosition.z
      value: 0
      objectReference: {fileID: 0}
    - target: {fileID: -8679921383154817045, guid: 0d2bef1f38e45144396cb0a604976005, type: 3}
      propertyPath: m_LocalRotation.w
      value: 1
      objectReference: {fileID: 0}
    - target: {fileID: -8679921383154817045, guid: 0d2bef1f38e45144396cb0a604976005, type: 3}
      propertyPath: m_LocalRotation.x
      value: 0
      objectReference: {fileID: 0}
    - target: {fileID: -8679921383154817045, guid: 0d2bef1f38e45144396cb0a604976005, type: 3}
      propertyPath: m_LocalRotation.y
      value: 0
      objectReference: {fileID: 0}
    - target: {fileID: -8679921383154817045, guid: 0d2bef1f38e45144396cb0a604976005, type: 3}
      propertyPath: m_LocalRotation.z
      value: 0
      objectReference: {fileID: 0}
    - target: {fileID: -8679921383154817045, guid: 0d2bef1f38e45144396cb0a604976005, type: 3}
      propertyPath: m_LocalEulerAnglesHint.x
      value: 0
      objectReference: {fileID: 0}
    - target: {fileID: -8679921383154817045, guid: 0d2bef1f38e45144396cb0a604976005, type: 3}
      propertyPath: m_LocalEulerAnglesHint.y
      value: 0
      objectReference: {fileID: 0}
    - target: {fileID: -8679921383154817045, guid: 0d2bef1f38e45144396cb0a604976005, type: 3}
      propertyPath: m_LocalEulerAnglesHint.z
      value: 0
      objectReference: {fileID: 0}
    - target: {fileID: 919132149155446097, guid: 0d2bef1f38e45144396cb0a604976005, type: 3}
      propertyPath: m_Name
      value: Model
      objectReference: {fileID: 0}
    m_RemovedComponents: []
  m_SourcePrefab: {fileID: 100100000, guid: 0d2bef1f38e45144396cb0a604976005, type: 3}
--- !u!1 &7368314345845184990 stripped
GameObject:
  m_CorrespondingSourceObject: {fileID: 919132149155446097, guid: 0d2bef1f38e45144396cb0a604976005, type: 3}
  m_PrefabInstance: {fileID: 7674392193985504399}
  m_PrefabAsset: {fileID: 0}
--- !u!4 &1992050976556484984 stripped
Transform:
  m_CorrespondingSourceObject: {fileID: -1070232985009656329, guid: 0d2bef1f38e45144396cb0a604976005, type: 3}
  m_PrefabInstance: {fileID: 7674392193985504399}
  m_PrefabAsset: {fileID: 0}
--- !u!4 &877076988004829922 stripped
Transform:
  m_CorrespondingSourceObject: {fileID: -1824824446595371411, guid: 0d2bef1f38e45144396cb0a604976005, type: 3}
  m_PrefabInstance: {fileID: 7674392193985504399}
  m_PrefabAsset: {fileID: 0}
--- !u!114 &686430119991126000
MonoBehaviour:
  m_ObjectHideFlags: 0
  m_CorrespondingSourceObject: {fileID: 0}
  m_PrefabInstance: {fileID: 0}
  m_PrefabAsset: {fileID: 0}
  m_GameObject: {fileID: 7368314345845184990}
  m_Enabled: 1
  m_EditorHideFlags: 0
  m_Script: {fileID: 11500000, guid: f3ceae5e7d398a34c8256d5591380a2e, type: 3}
  m_Name: 
  m_EditorClassIdentifier: 
  characterTransform: {fileID: 3599046329605038252}
  speed: 1
--- !u!114 &2098622549123959102
MonoBehaviour:
  m_ObjectHideFlags: 0
  m_CorrespondingSourceObject: {fileID: 0}
  m_PrefabInstance: {fileID: 0}
  m_PrefabAsset: {fileID: 0}
  m_GameObject: {fileID: 7368314345845184990}
  m_Enabled: 1
  m_EditorHideFlags: 0
  m_Script: {fileID: 11500000, guid: b56fe48b35e9de245b2498db0cc4a6d1, type: 3}
  m_Name: 
  m_EditorClassIdentifier: 
  combatStyle: 0
  aimingTime: 2
